@thesis{fujitani15,
  author = {藤谷宣典ら},
  title = {隠れ状態を用いたホテルレビューのレーティング予測},
  言語処理学会第21回年次大会, 2015.
}

@article{
  Quoc Le, and Tomas Mikolov, Distributed Representations of Sentences
  and Documents. ICML 2014, 2014.
}

@article{
  Nal Kalchbrenner, Edward Grefenstette, and Phil Blunsom, A
  Convolutional Neural Network for Modelling Sentences. ACL 2014, 2014.
}

@article{
  Rie Johnson, and Tong Zhang, Effective Use of Word Order for Text
  Categorization with Convolutional Neural Networks. NAACL 2015, 2015.
}

@article{
  Duyu Tang, Bing Qin, and Ting Liu, Learning Semantic Representation of
  Users and Products for Document Level Sentiment Classification. ACL
  2015, 2015.
}

